<?xml version="1.0" encoding="UTF-8"?><collection xmlns="http://www.loc.gov/MARC21/slim"><record><leader>00304nam--2200121-i-4500</leader><controlfield tag="001">000023792</controlfield><controlfield tag="002">20161230</controlfield><controlfield tag="005">20161230201035</controlfield><controlfield tag="008">060222s1000------------r-----000-0-eng-d</controlfield><datafield ind1=" " ind2=" " tag="100"><subfield code="a">Grubmeier, H</subfield></datafield><datafield ind1=" " ind2=" " tag="245"><subfield code="a">Naoumidis, a</subfield></datafield><datafield ind1=" " ind2=" " tag="260"><subfield code="a">Thiele, B.A</subfield></datafield><datafield ind1=" " ind2=" " tag="490"><subfield code="a">Julich, Kernfrrschungsanlage Julich, 1977. 12p.+9fig</subfield></datafield></record></collection>